@article{junger2003missing,
  title={Missing data imputation in multivariate time series via EM algorithm},
  author={Junger, W and Santos, N and Ponce de Leon, A},
  journal={Cadernos do IME},
  volume={15},
  number={8},
  pages={21},
  year={2003}
}

@article{junger2012mtsdi,
  title={mtsdi: Multivariate time series data imputation},
  author={Junger, W and Leon, APde},
  journal={R package 0.3},
  volume={3},
  year={2012}
}

@book{box2015time,
  title={Time series analysis: forecasting and control},
  author={Box, George EP and Jenkins, Gwilym M and Reinsel, Gregory C and Ljung, Greta M},
  year={2015},
  publisher={John Wiley \& Sons}
}

@article{meyler1998forecasting,
  title={Forecasting Irish inflation using ARIMA models},
  author={Meyler, Aidan and Kenny, Geoff and Quinn, Terry},
  year={1998}
}


@article{fernandes2017data,
  title={Data imputation analysis for Cosmic Rays time series},
  author={Fernandes, Ronabson Cardoso and Lucio, Paulo S{\'e}rgio and Fernandez, Jos{\'e} Henrique},
  journal={Advances in Space Research},
  volume={59},
  number={9},
  pages={2442--2457},
  year={2017},
  publisher={Elsevier}
}

@article{zhang2020solargan,
  title={SolarGAN: Multivariate solar data imputation using generative adversarial network},
  author={Zhang, Wenjie and Luo, Yonghong and Zhang, Ying and Srinivasan, Dipti},
  journal={IEEE Transactions on Sustainable Energy},
  volume={12},
  number={1},
  pages={743--746},
  year={2020},
  publisher={IEEE}
}

@article{chaudhry2019method,
  title={A method for improving imputation and prediction accuracy of highly seasonal univariate data with large periods of missingness},
  author={Chaudhry, Aizaz and Li, Wei and Basri, Amir and Patenaude, Fran{\c{c}}ois and others},
  journal={Wireless Communications and Mobile Computing},
  volume={2019},
  year={2019},
  publisher={Hindawi}
}

@article{he2017study,
  title={Study on missing data imputation and modeling for the leaching process},
  author={He, Dakuo and Wang, Zhengsong and Yang, Le and Dai, Wanwan},
  journal={Chemical Engineering Research and Design},
  volume={124},
  pages={1--19},
  year={2017},
  publisher={Elsevier}
}

@article{motesaddi2022effects,
  title={Effects of ambient air pollutants on hospital admissions and deaths for cardiovascular diseases: a time series analysis in Tehran},
  author={Motesaddi Zarandi, Saeed and Hadei, Mostafa and Hashemi, Seyed Saeed and Shahhosseini, Elahe and Hopke, Philip K and Namvar, Zahra and Shahsavani, Abbas},
  journal={Environmental Science and Pollution Research},
  pages={1--13},
  year={2022},
  publisher={Springer}
}